@article{kanzow,
author = {Christian Kanzow},
title = {\quad Some equation-based methods for the nonlinear complementarity problem},
journal = {Optimization Methods and Software},
volume = {3},
number = {4},
pages = {327--340},
year = {1994}}

@article{pang-gabriel,
author = {J.-S. Pang and S. A. Gabriel},
title = {\quad {NE/SQP}: A robust algorithm for the nonlinear complementarity problem},
journal = {Mathematical Programming},
volume = {60},
year = {1993},
pages = {295--337}}

@article{sun,
author = {Defeng Sun},
year = {2012},
pages = {183--194},
title = {{\quad A Projection and Contraction Method for the Nonlinear Complementarity Problem and Its Extensions}},
volume = {16},
journal = {Mathematica Numerica Sinica}}

@inproceedings{duchi-et-al,
author = {John Duchi and Shai Shalev-Shwartz and Yoram Singer and Tushar Chandra},
title = {Efficient projections onto the $\ell_1$-ball for learning in high dimensions},
year = {2008},
URL	= {https://stanford.edu/~jduchi/projects/DuchiShSiCh08.pdf},
booktitle = {ICML '08: Proceedings of the 25th international conference on Machine learning},
pages = {272--279}}

@unpublished{ozdalgar,
author = {Asu \"Ozdaglar},
title = {\quad A Variational Inequality Framework for Network Games: Existence, Uniqueness, Convergence and Sensitivity Analysis},
year = {2018},
URL = {https://simons.berkeley.edu/talks/asu-ozdaglar-3-28-18}}

@book{baushke-combettes,
author = {H. H. Bauschke and P. L. Combettes}, 
title = {\quad Convex Analysis and Monotone Operator Theory in Hilbert Spaces},
publisher = {Springer}, 
year = {2011}}

@article{tseng,
author = {P. Tseng},
title = {\quad On linear convergence of iterative methods for the variational inequality problem},
journal = {Journal of Computational and Applied Mathematics},
volume = {60},
year = {1995},
pages = {237--252}}

@article{malitskyi,
author = {Yura Malitsky},
year = {2015},
pages = {502--520},
title = {\quad Projected Reflected Gradient Methods for Monotone Variational Inequalities},
volume = {25},
journal = {SIAM Journal on Optimization}}

@book{gasnikov,
author = {{Гасников, А. В.}},
title = {\quad Введение в математическое моделирование транспортных потоков},
year = {2010},
publisher = {МФТИ}}

@article{antipin,
author = {{Антипин, А.С.}},
title = {\quad О методе выпуклого программирования, использующем симметрическую модификацию функции Лагранжа},
journal = {Экономика и математические методы},
volume = {12},
year = {1976},
pages = {1164--1173}}

@article{korpelevich,
author = {{Корпелевич, Г.М.}},
title = {\quad Экстраградиентный метод для поиска седловой точки и других задач},
journal = {Экономика и математические методы},
volume = {12},
year = {1976}, 
pages = {747--756}}

@article{lyashko-semenov,
author = {{Ляшко, С.І., Семенов, В.В.}},
title = {\quad Нова економічна модифікація методу Корпелевич для монотонних задач про рівновагу},
journal = {Кібернетика і системний аналіз},
volume = {47},
year = {2011},
pages = {631--639}}

@article{semenov-malitskyi,
author = {{Маліцький, Ю.В., Семенов, В.В.}},
title = {\quad Варіант екстраградієнтного алгоритму для монотонних варіаційних нерівностей},
journal = {Кібернетика і системний аналіз},
volume = {50},
year = {2014}, 
pages = {271--277}}

@article{popov,
author = {{Попов, Л.Д.}},
title = {\quad Модификация метода Эрроу---Гурвица поиска седловых точек},
journal = {Математические заметки},
volume = {28},
year = {1980},
pages = {845--848}}
